@Article{liu2015,
author = "Liu, Li and Lei, Jing and Roeder, Kathryn",
doi = "10.1214/15-AOAS844",
fjournal = "The Annals of Applied Statistics",
journal = "Ann. Appl. Stat.",
month = "09",
number = "3",
pages = "1571--1600",
publisher = "The Institute of Mathematical Statistics",
title = "Network assisted analysis to reveal the genetic basis of autism",
url = "http://dx.doi.org/10.1214/15-AOAS844",
volume = "9",
year = "2015"
}
@Article{glmnet1,
    title = {Regularization Paths for Generalized Linear Models via
      Coordinate Descent},
    author = {Jerome Friedman and Trevor Hastie and Robert Tibshirani},
    journal = {Journal of Statistical Software},
    year = {2010},
    volume = {33},
    number = {1},
    pages = {1--22},
    url = {http://www.jstatsoft.org/v33/i01/},
  }
  @Article{glmnet2,
    title = {Regularization Paths for Cox's Proportional Hazards Model
      via Coordinate Descent},
    author = {Noah Simon and Jerome Friedman and Trevor Hastie and Rob
      Tibshirani},
    journal = {Journal of Statistical Software},
    year = {2011},
    volume = {39},
    number = {5},
    pages = {1--13},
    url = {http://www.jstatsoft.org/v39/i05/},
  }